@article{andreka2001finite,
  title={A finite axiomatization of locally square cylindric-relativized set algebras},
  author={Andr{\'e}ka, Hajnalka},
  journal={Studia Scientiarum Mathematicarum Hungarica},
  volume={38},
  number={1-4},
  pages={1--11},
  year={2001},
  publisher={Akad{\'e}miai Kiad{\'o}}
}
@article{andreka1998relativised,
  title={Relativised quantification: Some canonical varieties of sequence-set algebras},
  author={Andr{\'e}ka, Hajnal and Goldblatt, Robert and N{\'e}meti, Istv{\'a}n},
  journal={The Journal of Symbolic Logic},
  volume={63},
  number={1},
  pages={163--184},
  year={1998},
  publisher={Cambridge University Press}
}
@article{HENKIN198623,
title = "Representable cylindric algebras",
journal = "Annals of Pure and Applied Logic",
volume = "31",
pages = "23 - 60",
year = "1986",
issn = "0168-0072",
doi = "https://doi.org/10.1016/0168-0072(86)90061-8",
url = "http://www.sciencedirect.com/science/article/pii/0168007286900618",
author = "Leon Henkin and J.Donald Monk and Alfred Tarski"
}
@article{gabbay2000products,
  title={Products of modal logics. Part 2: Relativised quantifiers in classical logic},
  author={Gabbay, Dov M and Shehtman, Valentin B},
  journal={Logic Journal of the IGPL},
  volume={8},
  number={2},
  pages={165--210},
  year={2000},
  publisher={OUP}
}
@book{hirsch2002relation,
  title={Relation algebras by games},
  author={Hirsch, Robin and Hodkinson, Ian},
  year={2002},
  publisher={Elsevier}
}
@book{hodges1997shorter,
  title={A shorter model theory},
  author={Hodges, Wilfrid and others},
  year={1997},
  publisher={Cambridge university press}
}
@book{mal2012algebraic,
  title={Algebraic systems},
  author={Mal'Cev, Anatolij Ivanovic},
  volume={192},
  year={2012},
  publisher={Springer Science \& Business Media}
}
@article{nemeti1996fine,
  title={A fine-structure analysis of first-order logic},
  author={N{\'e}meti, Istvan},
  journal={Arrow Logic and Multimodal Logics, Studies in Logic, Language and Information},
  pages={221--247},
  year={1996}
}
@article{sankappanavar1981course,
  title={A course in universal algebra},
  author={Sankappanavar, Hanamantagouda P and Burris, Stanley},
  journal={Graduate Texts Math},
  volume={78},
  year={1981}
}
@Inbook{Venema2013,
author="Venema, Yde",
editor="Andr{\'e}ka, Hajnal
and Ferenczi, Mikl{\'o}s
and N{\'e}meti, Istv{\'a}n",
title="Cylindric Modal Logic",
bookTitle="Cylindric-like Algebras and Algebraic Logic",
year="2013",
publisher="Springer Berlin Heidelberg",
address="Berlin, Heidelberg",
pages="249--269",
doi="10.1007/978-3-642-35025-2_12",
url="https://doi.org/10.1007/978-3-642-35025-2_12"
}
@book{marx1997multi,
  title={Multi-dimensional modal logic},
  author={Marx, Maarten and Venema, Yde},
  booktitle={Multi-Dimensional Modal Logic},
  year={1997},
  publisher={Springer}
}
@article{venema1995cylindric,
  title={Cylindric modal logic},
  author={Venema, Yde},
  journal={Journal of Symbolic Logic},
  pages={591--623},
  year={1995},
  publisher={JSTOR}
}
@article{venema1994modal,
  title={A modal logic for quantification and substitution},
  author={Venema, Yde},
  journal={Logic Journal of the IGPL},
  volume={2},
  number={1},
  pages={31--45},
  year={1994},
  publisher={Oxford University Press}
}
@incollection{kurucz2013representable,
  title={Representable cylindric algebras and many-dimensional modal logics},
  author={Kurucz, Agi},
  booktitle={Cylindric-like Algebras and Algebraic Logic},
  pages={185--203},
  year={2013},
  publisher={Springer}
}
@incollection{hirsch2013completions,
  title={Completions and complete representations},
  author={Hirsch, Robin and Hodkinson, Ian},
  booktitle={Cylindric-like Algebras and Algebraic Logic},
  pages={61--89},
  year={2013},
  publisher={Springer}
}
@article{hirsch1997complete,
  title={Complete representations in algebraic logic},
  author={Hirsch, Robin and Hodkinson, Ian},
  journal={Journal of Symbolic Logic},
  pages={816--847},
  year={1997},
  publisher={JSTOR}
}
@article{hirsch2001relation,
  title={Relation algebras from cylindric algebras, I},
  author={Hirsch, Robin and Hodkinson, Ian},
  journal={Annals of Pure and Applied logic},
  volume={112},
  number={2-3},
  pages={225--266},
  year={2001},
  publisher={Elsevier}
}
@article{HODKINSON1997117,
title = "Atom structures of cylindric algebras and relation algebras",
journal = "Annals of Pure and Applied Logic",
volume = "89",
number = "2",
pages = "117 - 148",
year = "1997",
issn = "0168-0072",
doi = "https://doi.org/10.1016/S0168-0072(97)00015-8",
url = "http://www.sciencedirect.com/science/article/pii/S0168007297000158",
author = "Ian Hodkinson",
keywords = "Completions, Representations, Sahlqvist equations, Atom-canonicity",
abstract = "For any finite n â©¾ 3 there are two atomic n-dimensional cylindric algebras with the same atom structure, with one representable, the other, not. Hence, the complex algebra of the atom structure of a representable atomic cylindric algebra is not always representable, so that the class RCAn of representable n-dimensional cylindric algebras is not closed under completions. Further, it follows by an argument of Venema that RCAn is not axiomatisable by Sahlqvist equations, and hence nor by equations where negation can only occur in constant terms. Similar results hold for relation algebras."
}
@article{goldblatt1989varieties,
  title={Varieties of complex algebras},
  author={Goldblatt, Robert},
  journal={Annals of pure and applied logic},
  volume={44},
  number={3},
  pages={173--242},
  year={1989},
  publisher={Elsevier}
}
@book{henkin1971cylindric,
author="L Henkin and J D Monk and A Tarski",
title="Cylindric Algebras Part {I}",
publisher="North-Holland",
year="1971"
}
@article{Henkin1988-HENCAP-4,
	journal = {Journal of Symbolic Logic},
	pages = {651--653},
	doi = {10.2307/2274537},
	year = {1988},
	volume = {53},
	author = {Leon Henkin and J. Donald Monk and Alfred Tarski},
	publisher = {Association for Symbolic Logic},
	title = {Cylindric Algebras. Part II},
	number = {2}
}
@article{goldblatt1995elementary,
  title={Elementary generation and canonicity for varieties of Boolean algebras with operators},
  author={Goldblatt, Robert},
  journal={Algebra Universalis},
  volume={34},
  number={4},
  pages={551--607},
  year={1995},
  publisher={Springer}
}
@article{venema1996atom,
  title={Atom Structures.},
  author={Venema, Yde},
  journal={Advances in Modal Logic},
  volume={1},
  pages={63--72},
  year={1996}
}
@article{thomason1975categories,
  title={Categories of frames for modal logic},
  author={Thomason, Steven K},
  journal={The journal of symbolic logic},
  volume={40},
  number={3},
  pages={439--442},
  year={1975},
  publisher={JSTOR}
}
@article{mckenzie1968representation,
  title={The Representation of Relation Algebras},
  author={McKenzie, Ralph},
  journal={PhD Thesis, University of Colorado},
  year={1968}
}
@book{maddux2006relation,
  title={Relation algebras},
  author={Maddux, Roger D},
  volume={13},
  year={2006},
  publisher={Elsevier Science Limited}
}
