@article{mikulas2017ordered,
  title={Ordered Monoids: Languages and Relations},
  author={Mikulas, Szabolcs},
  journal={arXiv preprint arXiv:1704.01391},
  year={2017}
}
@article{bezhanishvili2011priestley,
  title={Priestley style duality for distributive meet-semilattices},
  author={Bezhanishvili, Guram and Jansana, Ramon},
  journal={Studia Logica},
  volume={98},
  pages={83--122},
  year={2011},
  publisher={Springer}
}
@article{celani2020categorical,
  title={A categorical duality for semilattices and lattices},
  author={Celani, Sergio A and Gonz{\'a}lez, Luciano J},
  journal={Applied Categorical Structures},
  volume={28},
  pages={853--875},
  year={2020},
  publisher={Springer}
}
