@inproceedings{andreka1989union,
  title={On the ‘union-relation composition’reducts of relation algebras},
  author={Andr{\'e}ka, Hajnal},
  booktitle={Abstracts Amer. Math. Soc},
  volume={10},
  number={2},
  pages={174},
  year={1989}
}
@article{andreka1991representations,
  title={Representations of distributive lattice-ordered semigroups with binary relations},
  author={Andr{\'e}ka, Hajnal},
  journal={Algebra Universalis},
  volume={28},
  number={1},
  pages={12--25},
  year={1991},
  publisher={Springer}
}
@article{andreka2011axiomatizability,
  title={Axiomatizability of positive algebras of binary relations},
  author={Andr{\'e}ka, Hajnal and Mikul{\'a}s, Szabolcs},
  journal={Algebra universalis},
  volume={66},
  number={1-2},
  pages={7},
  year={2011},
  publisher={Springer}
}
@article{andreka1999finite,
  title={Finite algebras of relations are representable on finite sets},
  author={Andr{\'e}ka, Hajnal and Hodkinson, Ian and N{\'e}meti, Istv{\'a}n},
  journal={The Journal of Symbolic Logic},
  volume={64},
  number={1},
  pages={243--267},
  year={1999},
  publisher={Cambridge University Press}
}
@article{andreka1994lambek,
  title={Lambek calculus and its relational semantics: completeness and incompleteness},
  author={Andr{\'e}ka, Hajnal and Mikul{\'a}s, Szabolcs},
  journal={Journal of Logic, Language and Information},
  volume={3},
  number={1},
  pages={1--37},
  year={1994},
  publisher={Springer}
}
@article{buszkowski1997representation,
  title={Representation of residuated semigroups in some algebras of relations (the method of canonical models)},
  author={Buszkowski, Wojciech and Ko{\l}owska-Gawiejnowicz, Miros{\l}awa},
  journal={Fundamenta Informaticae},
  volume={31},
  number={1},
  pages={1--12},
  year={1997},
  publisher={IOS Press}
}
@book{hirsch2002relation,
  title={Relation algebras by games},
  author={Hirsch, Robin and Hodkinson, Ian},
  year={2002},
  publisher={Elsevier}
}
@article{hirsch2001representability,
  title={Representability is not decidable for finite relation algebras},
  author={Hirsch, Robin and Hodkinson, Ian},
  journal={Transactions of the American Mathematical Society},
  volume={353},
  number={4},
  pages={1403--1425},
  year={2001}
}
@article{hirsch2011positive,
  title={Positive fragments of relevance logic and algebras of binary relations},
  author={Hirsch, Robin and Mikul{\'a}s, Szabolcs},
  journal={The Review of Symbolic Logic},
  volume={4},
  number={1},
  pages={81--105},
  year={2011},
  publisher={Cambridge University Press}
}
@article{hirsch2013ordered,
  title={Ordered domain algebras},
  author={Hirsch, Robin and Mikul{\'a}s, Szabolcs},
  journal={Journal of Applied Logic},
  volume={11},
  number={3},
  pages={266--271},
  year={2013},
  publisher={Elsevier}
}
@article{hirsch2007representable,
  title={Representable semilattice-ordered monoids},
  author={Hirsch, Robin and Mikul{\'a}s, Szabolcs},
  journal={Algebra Universalis},
  volume={57},
  number={3},
  pages={333--370},
  year={2007},
  publisher={Basel: Birkhauser Verlag, c1971-}
}
@article{hirsch2012undecidability,
  title={Undecidability of representability as binary relations},
  author={Hirsch, Robin and Jackson, Marcel},
  journal={The Journal of Symbolic Logic},
  volume={77},
  number={4},
  pages={1211--1244},
  year={2012},
  publisher={Cambridge University Press}
}
@book{hodges1997shorter,
  title={A shorter model theory},
  author={Hodges, Wilfrid and others},
  year={1997},
  publisher={Cambridge university press}
}
@inproceedings{kanovich2019models,
  title={L-models and R-models for Lambek calculus enriched with additives and the multiplicative unit},
  author={Kanovich, Max and Kuznetsov, Stepan and Scedrov, Andre},
  booktitle={International Workshop on Logic, Language, Information, and Computation},
  pages={373--391},
  year={2019},
  organization={Springer}
}
@book{maddux2006relation,
  title={Relation algebras},
  author={Maddux, Roger D},
  volume={13},
  year={2006},
  publisher={Elsevier Science Limited}
}
@book{mal2012algebraic,
  title={Algebraic systems},
  author={Mal'Cev, Anatolij Ivanovic},
  volume={192},
  year={2012},
  publisher={Springer Science \& Business Media}
}
@article{mikulas2015lower,
  title={Lower semilattice-ordered residuated semigroups and substructural logics},
  author={Mikul{\'a}s, Szabolcs},
  journal={Studia Logica},
  volume={103},
  number={3},
  pages={453--478},
  year={2015},
  publisher={Springer}
}
@article{nemeti1991algebraization,
  title={Algebraization of quantifier logics, an introductory overview},
  author={N{\'e}meti, Istv{\'a}n},
  journal={Studia logica},
  volume={50},
  number={3-4},
  pages={485--569},
  year={1991},
  publisher={Springer}
}
@article{neuzerling2016undecidability,
  title={Undecidability of representability for lattice-ordered semigroups and ordered complemented semigroups},
  author={Neuzerling, Murray},
  journal={Algebra universalis},
  volume={76},
  number={4},
  pages={431--443},
  year={2016},
  publisher={Springer}
}
@article{pentus1995models,
  title={Models for the Lambek calculus},
  author={Pentus, Mati},
  journal={Annals of Pure and Applied Logic},
  volume={75},
  number={1-2},
  pages={179--213},
  year={1995},
  publisher={Elsevier}
}
@article{pentus2006lambek,
  title={Lambek calculus is NP-complete},
  author={Pentus, Mati},
  journal={Theoretical Computer Science},
  volume={357},
  number={1-3},
  pages={186--201},
  year={2006},
  publisher={Elsevier}
}
@article{monk1964representable,
  title={On representable relation algebras.},
  author={Monk, Donald and others},
  journal={The Michigan mathematical journal},
  volume={11},
  number={3},
  pages={207--210},
  year={1964},
  publisher={The University of Michigan}
}
@article{hodkinson2000axiomatizability,
  title={Axiomatizability of reducts of algebras of relations},
  author={Hodkinson, Ian and Mikul{\'a}s, Szabolcs},
  journal={Algebra Universalis},
  volume={43},
  number={2-3},
  pages={127--156},
  year={2000},
  publisher={Springer}
}
@article{hirsch1997step,
  title={Step by step--building representations in algebraic logic},
  author={Hirsch, Robin and Hodkinson, Ian},
  journal={The Journal of Symbolic Logic},
  volume={62},
  number={1},
  pages={225--279},
  year={1997},
  publisher={Cambridge University Press}
}
