@article{gabbay2014products,
  title={Products of modal logics and tensor products of modal algebras},
  author={Gabbay, Dov and Shapirovsky, Ilya and Shehtman, Valentin},
  journal={Journal of Applied Logic},
  volume={12},
  number={4},
  pages={570--583},
  year={2014},
  publisher={Elsevier}
}
@misc{goldblatt1987logics,
  title={Logics of time and computation. CSLI},
  author={Goldblatt, Robert},
  year={1987},
  publisher={Stanford}
}
@article{goldblatt1989varieties,
  title={Varieties of complex algebras},
  author={Goldblatt, Robert},
  journal={Annals of pure and applied logic},
  volume={44},
  number={3},
  pages={173--242},
  year={1989},
  publisher={Elsevier}
}
@book{kurucz2003many,
  title={Many-dimensional modal logics: Theory and applications},
  author={Kurucz, Agi and Wolter, Frank and Zakharyaschev, Michael and Gabbay, Dov M},
  year={2003},
  publisher={Elsevier}
}
@article{kurucz2007combining,
  title={Combining modal logics},
  author={Kurucz, Agi},
  journal={Handbook of modal logic},
  volume={3},
  pages={869--924},
  year={2007}
}
@article{gabbay1998products,
  title={Products of modal logics, part 1},
  author={Gabbay, Dov M and Shehtman, Valentin B},
  journal={Logic journal of IGPL},
  volume={6},
  number={1},
  pages={73--146},
  year={1998},
  publisher={Oxford University Press}
}
@book{chagrov1997modal,
  title={Modal Logic},
  author={Chagrov, A. and and Zakharyaschev, M.},
  isbn={9780198537793},
  lccn={97185365},
  series={Oxford logic guides},
  url={https://books.google.ru/books?id=dhgi5NF4RtcC},
  year={1997},
  publisher={Clarendon Press}
}
@article{hampson2020non,
  title={Non-finitely axiomatisable modal product logics with infinite canonical axiomatisations},
  author={Hampson, Christopher and Kikot, Stanislav and Kurucz, Agi and Marcelino, S{\'e}rgio},
  journal={Annals of Pure and Applied Logic},
  pages={102786},
  year={2020},
  publisher={Elsevier}
}
