@article{kikot2014filtration,
  title={Filtration Safe Operations on Frames.},
  author={Kikot, Stanislav and Shapirovsky, Ilya and Zolin, Evgeny},
  journal={Advances in modal logic},
  volume={10},
  pages={333--352},
  year={2014}
}
@book{blackburn2002modal,
  title={Modal logic},
  author={Blackburn, Patrick and De Rijke, Maarten and Venema, Yde},
  volume={53},
  year={2002},
  publisher={Cambridge University Press}
}
@article{shapirovsky2015completeness,
  title={On Completeness of Logics Enriched with Transitive Closure Modality},
  author={Shapirovsky, Ilya and Zolin, Evgeny},
  journal={Topology, Algebra and Categories in Logic 2015},
  pages={255},
  year={2015},
  publisher={Citeseer}
}
@misc{goldblatt1987logics,
  title={Logics of time and computation. CSLI},
  author={Goldblatt, Robert},
  year={1987},
  publisher={Stanford}
}
@article{fischer1979propositional,
  title={Propositional dynamic logic of regular programs},
  author={Fischer, Michael J and Ladner, Richard E},
  journal={Journal of computer and system sciences},
  volume={18},
  number={2},
  pages={194--211},
  year={1979},
  publisher={Elsevier}
}
@incollection{gasquet2014modal,
  title={Modal Logics with Transitive Closure},
  author={Gasquet, Olivier and Herzig, Andreas and Said, Bilal and Schwarzentruber, Fran{\c{c}}ois},
  booktitle={Kripke’s Worlds},
  pages={157--189},
  year={2014},
  publisher={Springer}
}
@article{balbiani2018modal,
  title={Modal correspondence theory in the class of all Euclidean frames},
  author={Balbiani, Philippe and Georgiev, Dimiter and Tinchev, Tinko},
  journal={Journal of Logic and Computation},
  volume={28},
  number={1},
  pages={119--131},
  year={2018},
  publisher={Oxford University Press}
}
@article{goldblatt2018finite,
  title={The finite model property for logics with the tangle modality},
  author={Goldblatt, Robert and Hodkinson, Ian},
  journal={Studia Logica},
  volume={106},
  number={1},
  pages={131--166},
  year={2018},
  publisher={Springer}
}
@article{shapirovsky2018glivenko,
  title={Glivenko's theorem, finite height, and local tabularity},
  author={Shapirovsky, Ilya B},
  journal={arXiv preprint arXiv:1806.06899},
  year={2018}
}
@article{segerberg1971essay,
  title={An essay in classical modal logic (3 vols.)},
  author={Segerberg, Krister},
  journal={Filoso ska studier},
  number={13},
  year={1971}
}
@incollection{bull1984basic,
  title={Basic modal logic},
  author={Bull, Robert and Segerberg, Krister},
  booktitle={Handbook of philosophical logic},
  pages={1--88},
  year={1984},
  publisher={Springer}
}
@article{schwarz1995search,
  title={In search of a “true” logic of knowledge: the nonmonotonic perspective},
  author={Schwarz, Grigori},
  journal={Artificial Intelligence},
  volume={79},
  number={1},
  pages={39--63},
  year={1995},
  publisher={Elsevier}
}
@article{kikot2020completeness,
  title={Completeness of logics with the transitive closure modality and related logics},
  author={Kikot, Stanislav and Shapirovsky, Ilya and Zolin, Evgeny},
  journal={arXiv preprint arXiv:2011.02205},
  year={2020}
}
@article{kurucz200715,
  title={Combining modal logics},
  author={Kurucz, Agi},
  journal={Studies in Logic and Practical Reasoning},
  volume={3},
  pages={869--924},
  year={2007},
  publisher={Elsevier}
}
@book{blackburn_rijke_venema_2001,
  place={Cambridge},
  series={Cambridge Tracts in Theoretical Computer Science},
  title={Modal Logic},
  DOI={10.1017/CBO9781107050884},
  publisher={Cambridge University Press},
  author={Blackburn, Patrick and Rijke, Maarten de and Venema, Yde},
  year={2001},
  collection={Cambridge Tracts in Theoretical Computer Science}
}
@book{chang1990model,
  title={Model theory},
  author={Chang, Chen Chung and Keisler, H Jerome},
  year={1990},
  publisher={Elsevier}
}
@book{chagrov,
   title =     {Modal Logic},
   author =    {Chagrov, Alexander and Zakharyaschev, Michael},
   publisher = {Oxford University Press},
   isbn =      {0198537794, 9780198537793},
   year =      {1997},
   series =    {Oxford Logic Guides, Volume 35},
   edition =   {},
   volume =    {},
}
@article{shehtman2004filtration,
  title={Filtration via bisimulation.},
  author={Shehtman, Valentin B},
  journal={Advances in modal logic},
  volume={5},
  pages={289--308},
  year={2004}
}
@article{gabbay1998products,
  title={Products of modal logics, part 1},
  author={Gabbay, Dov M and Shehtman, Valentin B},
  journal={Logic journal of IGPL},
  volume={6},
  number={1},
  pages={73--146},
  year={1998},
  publisher={Oxford University Press}
}
@article{fine1974logics,
  title={Logics containing K4. Part I},
  author={Fine, Kit},
  journal={The Journal of Symbolic Logic},
  volume={39},
  number={1},
  pages={31--42},
  year={1974},
  publisher={Cambridge University Press}
}
