@article{andreka1994lambek,
  title={Lambek calculus and its relational semantics: completeness and incompleteness},
  author={Andr{\'e}ka, Hajnal and Mikul{\'a}s, Szabolcs},
  journal={Journal of Logic, Language and Information},
  volume={3},
  number={1},
  pages={1--37},
  year={1994},
  publisher={Springer}
}
@article{jonsson1951boolean,
  title={Boolean algebras with operators, I, II},
  author={J{\"o}nsson, Bjarni and Tarski, Alfred},
  journal={American J. of Mathematics},
  volume={73},
  pages={891--939},
  year={1951}
}
@article{lyndon1950representation,
  title={The representation of relational algebras},
  author={Lyndon, Roger C},
  journal={Annals of mathematics},
  pages={707--729},
  year={1950},
  publisher={JSTOR}
}
@book{hirsch2002relation,
  title={Relation algebras by games},
  author={Hirsch, Robin and Hodkinson, Ian},
  year={2002},
  publisher={Elsevier}
}
@book{maddux2006relation,
  title={Relation algebras},
  author={Maddux, Roger D},
  volume={13},
  year={2006},
  publisher={Elsevier Science Limited}
}
@article{maddux2016finite,
  title={The finite representation property fails for composition and intersection},
  author={Maddux, Roger D},
  journal={arXiv preprint arXiv:1604.01386},
  year={2016}
}
@article{hirsch2011positive,
  title={Positive fragments of relevance logic and algebras of binary relations},
  author={Hirsch, Robin and Mikul{\'a}s, Szabolcs},
  journal={The Review of Symbolic Logic},
  volume={4},
  number={1},
  pages={81--105},
  year={2011},
  publisher={Cambridge University Press}
}
@book{krull1968idealtheorie,
  title={Idealtheorie},
  author={Krull, Wolfgang},
  year={1968},
  publisher={Springer}
}
@incollection{jipsen2002survey,
  title={A survey of residuated lattices},
  author={Jipsen, Peter and Tsinakis, Constantine},
  booktitle={Ordered algebraic structures},
  pages={19--56},
  year={2002},
  publisher={Springer}
}
@article{goldblatt2006kripke,
  title={A Kripke-Joyal Semantics for Noncommutative Logic in Quantales.},
  author={Goldblatt, Robert},
  journal={Advances in modal logic},
  volume={6},
  pages={209--225},
  year={2006}
}
@article{theunissen2007macneille,
  title={MacNeille completions of lattice expansions},
  author={Theunissen, Mark and Venema, Yde},
  journal={Algebra Universalis},
  volume={57},
  number={2},
  pages={143--193},
  year={2007},
  publisher={Springer}
}
@book{galatos2007residuated,
  title={Residuated lattices: an algebraic glimpse at substructural logics},
  author={Galatos, Nikolaos and Jipsen, Peter and Kowalski, Tomasz and Ono, Hiroakira},
  year={2007},
  publisher={Elsevier}
}
@article{bezhanishvili2016locales,
  title={Locales, nuclei, and Dragalin frames},
  author={Bezhanishvili, Guram and Holliday, Wesley Halcrow},
  journal={Advances in modal logic},
  volume={11},
  year={2016}
}
@book{rosenthal1990quantales,
  title={Quantales and their applications},
  author={Rosenthal, Kimmo I},
  volume={234},
  year={1990},
  publisher={Longman Scientific and Technical}
}
@book{davey2002introduction,
  title={Introduction to lattices and order},
  author={Davey, Brian A and Priestley, Hilary A},
  year={2002},
  publisher={Cambridge university press}
}
@article{brown1995relations,
  title={Relations and non-commutative linear logic},
  author={Brown, Carolyn and Gurr, Doug},
  journal={Journal of Pure and Applied Algebra},
  volume={105},
  number={2},
  pages={117--136},
  year={1995},
  publisher={Elsevier}
}
@article{brown1993representation,
  title={A representation theorem for quantales},
  author={Brown, Carolyn and Gurr, Doug},
  journal={Journal of Pure and Applied Algebra},
  volume={85},
  number={1},
  pages={27--42},
  year={1993},
  publisher={Elsevier}
}
@article{buszkowski2008infinitary,
  title={Infinitary action logic: Complexity, models and grammars},
  author={Buszkowski, Wojciech and Palka, Ewa},
  journal={Studia Logica},
  volume={89},
  number={1},
  pages={1--18},
  year={2008},
  publisher={Springer}
}
@article{pentus2006lambek,
  title={Lambek calculus is NP-complete},
  author={Pentus, Mati},
  journal={Theoretical Computer Science},
  volume={357},
  number={1-3},
  pages={186--201},
  year={2006},
  publisher={Elsevier}
}
@article{lambek1958mathematics,
  title={The mathematics of sentence structure},
  author={Lambek, Joachim},
  journal={The American Mathematical Monthly},
  volume={65},
  number={3},
  pages={154--170},
  year={1958},
  publisher={Taylor \& Francis}
}
@article{hirsch2004finite,
  title={The finite representation property for reducts of relation algebra},
  author={Hirsch, Robin},
  journal={Manuscript, September},
  year={2004}
}
@article{hirsch2001representability,
  title={Representability is not decidable for finite relation algebras},
  author={Hirsch, Robin and Hodkinson, Ian},
  journal={Transactions of the American Mathematical Society},
  volume={353},
  number={4},
  pages={1403--1425},
  year={2001}
}
@article{hirsch2012undecidability,
  title={Undecidability of representability as binary relations},
  author={Hirsch, Robin and Jackson, Marcel},
  journal={The Journal of Symbolic Logic},
  volume={77},
  number={4},
  pages={1211--1244},
  year={2012},
  publisher={Cambridge University Press}
}
@article{neuzerling2016undecidability,
  title={Undecidability of representability for lattice-ordered semigroups and ordered complemented semigroups},
  author={Neuzerling, Murray},
  journal={Algebra universalis},
  volume={76},
  number={4},
  pages={431--443},
  year={2016},
  publisher={Springer}
}
@article{andreka1999finite,
  title={Finite algebras of relations are representable on finite sets},
  author={Andr{\'e}ka, Hajnal and Hodkinson, Ian and N{\'e}meti, Istv{\'a}n},
  journal={The Journal of Symbolic Logic},
  volume={64},
  number={1},
  pages={243--267},
  year={1999},
  publisher={Cambridge University Press}
}
@article{mclean2016finite,
  title={The finite representation property for composition, intersection, domain and range},
  author={McLean, Brett and Mikul{\'a}s, Szabolcs},
  journal={International Journal of Algebra and Computation},
  volume={26},
  number={06},
  pages={1199--1215},
  year={2016},
  publisher={World Scientific}
}
@article{monk1964representable,
  title={On representable relation algebras.},
  author={Monk, Donald and others},
  journal={The Michigan mathematical journal},
  volume={11},
  number={3},
  pages={207--210},
  year={1964},
  publisher={The University of Michigan}
}
@article{hirsch2007representable,
  title={Representable semilattice-ordered monoids},
  author={Hirsch, Robin and Mikul{\'a}s, Szabolcs},
  journal={Algebra Universalis},
  volume={57},
  number={3},
  pages={333--370},
  year={2007},
  publisher={Basel: Birkhauser Verlag, c1971-}
}
@article{hirsch2005class,
  title={The class of representable ordered monoids has a recursively enumerable, universal axiomatisation but it is not finitely axiomatisable},
  author={Hirsch, Robin},
  journal={Logic Journal of the IGPL},
  volume={13},
  number={2},
  pages={159--171},
  year={2005},
  publisher={OUP}
}
@article{hirsch1997step,
  title={Step by step-building representations in algebraic logic},
  author={Hirsch, Robin and Hodkinson, Ian},
  journal={Journal of Symbolic Logic},
  pages={225--279},
  year={1997},
  publisher={JSTOR}
}
@article{hodkinson2000axiomatizability,
  title={Axiomatizability of reducts of algebras of relations},
  author={Hodkinson, Ian and Mikul{\'a}s, Szabolcs},
  journal={Algebra Universalis},
  volume={43},
  number={2-3},
  pages={127--156},
  year={2000},
  publisher={Springer}
}
@article{andreka2011axiomatizability,
  title={Axiomatizability of positive algebras of binary relations},
  author={Andr{\'e}ka, Hajnal and Mikul{\'a}s, Szabolcs},
  journal={Algebra universalis},
  volume={66},
  number={1-2},
  pages={7},
  year={2011},
  publisher={Springer}
}
@article{hirsch2013ordered,
  title={Ordered domain algebras},
  author={Hirsch, Robin and Mikul{\'a}s, Szabolcs},
  journal={Journal of Applied Logic},
  volume={11},
  number={3},
  pages={266--271},
  year={2013},
  publisher={Elsevier}
}
@book{gratzer2011lattice,
  title={Lattice theory: foundation},
  author={Gr{\"a}tzer, George},
  year={2011},
  publisher={Springer Science \& Business Media}
}
@inproceedings{pentus1993lambek,
  title={Lambek grammars are context free},
  author={Pentus, Mati},
  booktitle={[1993] Proceedings Eighth Annual IEEE Symposium on Logic in Computer Science},
  pages={429--433},
  year={1993},
  organization={IEEE}
}
@article{mulvey2005noncommutative,
  title={A noncommutative theory of Penrose tilings},
  author={Mulvey, Christopher J and Resende, Pedro},
  journal={International Journal of Theoretical Physics},
  volume={44},
  number={6},
  pages={655--689},
  year={2005},
  publisher={Springer}
}
@article{mulvey1986suppl,
  title={\&, Suppl},
  author={Mulvey, Christopher J},
  journal={Rend. Circ. Mat. Palermo II},
  volume={12},
  pages={99--104},
  year={1986}
}
@article{hirsch2020finite,
  title={Finite Representability of Semigroups with Demonic Refinement},
  author={Hirsch, Robin and {\v{S}}emrl, Ja{\v{s}}},
  journal={arXiv preprint arXiv:2009.06970},
  year={2020}
}
@article{hirsch1996relation,
  title={Relation algebras of intervals},
  author={Hirsch, Robin},
  journal={Artificial intelligence},
  volume={83},
  number={2},
  pages={267--295},
  year={1996},
  publisher={Elsevier}
}
@article{zaretskii1959representation,
  title={The representation of ordered semigroups by binary relations},
  author={Zaretskii, KA},
  journal={Izvestiya Vysshikh Uchebnykh Zavedenii. Matematika},
  number={6},
  pages={48--50},
  year={1959},
  publisher={Kazan (Volga region) Federal University}
}
@inproceedings{vilain1986constraint,
  title={Constraint propagation algorithms for temporal reasoning.},
  author={Vilain, Marc B and Kautz, Henry A},
  booktitle={Aaai},
  volume={86},
  pages={377--382},
  year={1986}
}
@inproceedings{andreka1989union,
  title={On the ‘union-relation composition’reducts of relation algebras},
  author={Andr{\'e}ka, Hajnal},
  booktitle={Abstracts Amer. Math. Soc},
  volume={10},
  number={2},
  pages={174},
  year={1989}
}
@article{craig1953axiomatizability,
  title={On axiomatizability within a system},
  author={Craig, William},
  journal={The journal of Symbolic logic},
  volume={18},
  number={1},
  pages={30--32},
  year={1953},
  publisher={JSTOR}
}
@book{hodges1997shorter,
  title={A shorter model theory},
  author={Hodges, Wilfrid},
  year={1997},
  publisher={Cambridge university press}
}
@incollection{eklof1977ultraproducts,
  title={Ultraproducts for algebraists},
  author={Eklof, Paul C},
  booktitle={Studies in Logic and the Foundations of Mathematics},
  volume={90},
  pages={105--137},
  year={1977},
  publisher={Elsevier}
}
