@article{bezhanishvili2011priestley,
  title={Priestley style duality for distributive meet-semilattices},
  author={Bezhanishvili, Guram and Jansana, Ramon},
  journal={Studia Logica},
  volume={98},
  pages={83--122},
  year={2011},
  publisher={Springer}
}
@article{andreka2011axiomatizability,
  title={Axiomatizability of positive algebras of binary relations},
  author={Andr{\'e}ka, Hajnal and Mikul{\'a}s, Szabolcs},
  journal={Algebra universalis},
  volume={66},
  number={1-2},
  pages={7},
  year={2011},
  publisher={Springer}
}
@article{jonsson1982varieties,
  title={Varieties of relation algebras},
  author={J{\'o}nsson, Bjarni},
  journal={Algebra universalis},
  volume={15},
  number={3},
  pages={273--298},
  year={1982}
}
@article{egrot2012completely,
  title={Completely representable lattices},
  author={Egrot, Robert and Hirsch, Robin},
  journal={Algebra universalis},
  volume={67},
  number={3},
  pages={205--217},
  year={2012},
  publisher={Springer}
}
@book{hodges1993model,
  title={Model theory},
  author={Hodges, Wilfrid},
  year={1993},
  publisher={Cambridge University Press}
}
@book{chang1990model,
  title={Model theory},
  author={Chang, Chen Chung and Keisler, H Jerome},
  year={1990},
  publisher={Elsevier}
}
