@inproceedings{hirsch2018decidability,
  title={Decidability of equational theories for subsignatures of relation algebra},
  author={Hirsch, Robin},
  booktitle={International Conference on Relational and Algebraic Methods in Computer Science},
  pages={87--96},
  year={2018},
  organization={Springer}
}
@article{burris1992discriminator,
  title={Discriminator varieties and symbolic computation},
  author={Burris, Stanley},
  journal={Journal of Symbolic Computation},
  volume={13},
  number={2},
  pages={175--207},
  year={1992},
  publisher={Academic Press, Inc. Orlando, FL, USA}
}
@article{vaggione2001characterization,
  title={Characterization of discriminator varieties},
  author={Vaggione, Diego},
  journal={Proceedings of the American Mathematical Society},
  volume={129},
  number={3},
  pages={663--666},
  year={2001}
}
@article{jipsen1993discriminator,
  title={Discriminator varieties of Boolean algebras with residuated operators},
  author={Jipsen, Peter},
  journal={Banach Center Publications},
  volume={28},
  number={1},
  pages={239--252},
  year={1993}
}
@article{sankappanavar1981course,
  title={A course in universal algebra},
  author={Sankappanavar, Hanamantagouda P and Burris, Stanley},
  journal={Graduate Texts Math},
  volume={78},
  pages={56},
  year={1981}
}
@article{mikulas2011representable,
  title={On representable ordered residuated semigroups},
  author={Mikul{\'a}s, Szabolcs},
  journal={Logic Journal of the IGPL-Interest Group in Pure and Applied Logics},
  volume={19},
  number={1},
  pages={233},
  year={2011}
}
@article{hirsch2011positive,
  title={Positive fragments of relevance logic and algebras of binary relations},
  author={Hirsch, Robin and Mikul{\'a}s, Szabolcs},
  journal={The Review of Symbolic Logic},
  volume={4},
  number={1},
  pages={81--105},
  year={2011},
  publisher={Cambridge University Press}
}
@book{hirsch2002relation,
  title={Relation algebras by games},
  author={Hirsch, Robin and Hodkinson, Ian},
  year={2002},
  publisher={Elsevier}
}
@inproceedings{pratt1991action,
  title={Action logic and pure induction},
  author={Pratt, Vaughan},
  booktitle={European Workshop on Logics in Artificial Intelligence},
  pages={97--120},
  year={1991},
  organization={Springer}
}
@article{andreka1998notions,
  title={Notions of density that imply representability in algebraic logic},
  author={Andr{\'e}ka, Hajnal and Givant, Steven and Mikul{\'a}s, Szabolcs and N{\'e}meti, Istv{\'a}n and Simon, Andr{\'a}s},
  journal={Annals of Pure and Applied logic},
  volume={91},
  number={2-3},
  pages={93--190},
  year={1998},
  publisher={Elsevier}
}
